<?xml version="1.0" encoding="UTF-8"?><collection><record><leader>08678ntm a2200865 a 4500</leader><controlfield tag="001">006796628</controlfield><controlfield tag="003">MiAaHDL</controlfield><controlfield tag="005">20190719000000.0</controlfield><controlfield tag="006">m        d        </controlfield><controlfield tag="007">cr bn ---auaua</controlfield><controlfield tag="008">090526m16721687ir            00| ||ara d</controlfield><datafield tag="035" ind1=" " ind2=" "><subfield code="a">(MiU)006796628</subfield></datafield><datafield tag="035" ind1=" " ind2=" "><subfield code="a">sdr-miu006796628</subfield></datafield><datafield tag="040" ind1=" " ind2=" "><subfield code="a">MiU</subfield><subfield code="c">MiU</subfield><subfield code="e">amremm</subfield></datafield><datafield tag="043" ind1=" " ind2=" "><subfield code="a">n-us-mi</subfield></datafield><datafield tag="245" ind1="0" ind2="0"><subfield code="6">880-01</subfield><subfield code="a">[Majmūʻat rasāʼil,</subfield><subfield code="f">1083, i.e. 1672 or 1673 and 1098, i.e. 1687].</subfield></datafield><datafield tag="260" ind1=" " ind2=" "><subfield code="a">[Ṭihrān, etc.,</subfield><subfield code="c">1672-1687]</subfield></datafield><datafield tag="300" ind1=" " ind2=" "><subfield code="a">257 leaves :</subfield><subfield code="b">paper ;</subfield><subfield code="c">185 x 125 (132-140 x 70-80) mm.</subfield></datafield><datafield tag="500" ind1=" " ind2=" "><subfield code="a">Shelfmark: Ann Arbor, University of Michigan, Special Collections Library, Isl. Ms. 252</subfield></datafield><datafield tag="500" ind1=" " ind2=" "><subfield code="a">Origin: As appears in colophon on p.281, opening works copied in the town (qaṣabah) of Ṭihrān by ʻAlī Riz̤ā ibn Ḥasan al-ʻAqlānī [?] al-Tankānī [?] with transcription completed in 1083 [1672 or 3]. As appears in colophon on p.334, al-Multaqayāt min kalām Aflaṭūn copied by Ibn Mīr Muḥammad Salīm al-Rāzī Sayyid Muḥammad al-Ḥusaynī with transcription completed 1098 [1686 or 7]. As appears in colophon on p.515, final work also copied by Ibn Mīr Muḥammad Salīm al-Rāzī Sayyid Muḥammad al-Ḥusaynī with transcription completed in Shaʻbān 1098 [June-July 1687].</subfield></datafield><datafield tag="500" ind1=" " ind2=" "><subfield code="a">Former shelfmark: "٤٢٢" on paper spine label ; "254 T. De M. [i.e. Tammaro De Marinis]" inscribed in pencil on verso of front flyleaf (p.2) ; "216" inscribed in pencil on opening 'title page' (p.3).</subfield></datafield><datafield tag="500" ind1=" " ind2=" "><subfield code="a">Binding: Pasteboards covered in black leather ; Type III binding (without flap) ; pastedowns and flyleaves in bright pink surface-dyed wove paper ; upper and lower covers carry octagonal central ornament and square cornerpieces built up of blind tooled rosettes as well as blind-tooled border in series of striated s-shaped stamps ; sewn in magenta thread, two stations ; worked chevron endbands in yellow and red, good condition ; overall in fair condition with significant abrasion, moisture damage, lifting and losses of leather, etc.</subfield></datafield><datafield tag="500" ind1=" " ind2=" "><subfield code="a">Support: non-European (Persian) laid paper of perhaps two types ; opening type with 8 laid lines per cm. (horizontal) and rare chain lines visible, dark cream in color, thin and transluscent though sturdy, well-burnished ; final type (from p.283) with 7 laid lines per cm. (horizontal) , quite thin, crisp and transluscent ; staining and tidelines.</subfield></datafield><datafield tag="500" ind1=" " ind2=" "><subfield code="a">Decoration: Section headings rubricated ; overlining in red ; lacunae in text of final work where rubrics left unfilled.</subfield></datafield><datafield tag="500" ind1=" " ind2=" "><subfield code="a">Script: Naskh and naskh nastaʻlīq ; two clear Persianate hands ; opening through p.281 in a fine naskh-nastaʻlīq, serifless, with tilt to the right, effect of words descending to baseline and superscripting of letters and words ; latter collection of philosophical treatises (from p.283 on) in an elegant naskh, partially seriffed with right-sloping head-serif, with mainly open counters, curvilinear descenders, adhering closely to baseline, and pointing in strokes rather than distinct dots.</subfield></datafield><datafield tag="500" ind1=" " ind2=" "><subfield code="a">Layout: Written mainly in 16, 21, 22, and 18 lines per page ; frame-ruled.</subfield></datafield><datafield tag="500" ind1=" " ind2=" "><subfield code="a">Collation: i, IV (8), III (14), 2 IV(30), III (36), 27 IV(252), II+1 (257), ii ; mainly quaternions with occasional ternions ; catchwords present ; pagination in pencil, Western numerals, supplied during digitization (includes flyleaves).</subfield></datafield><datafield tag="500" ind1=" " ind2=" "><subfield code="a">Title supplied by cataloguer.</subfield></datafield><datafield tag="500" ind1=" " ind2=" "><subfield code="a">Ms. composite codex.</subfield></datafield><datafield tag="505" ind1="0" ind2=" "><subfield code="a">8. p.516 : [discussion in Persian of philosophical topics addressed in the preceding pages].</subfield></datafield><datafield tag="505" ind1="0" ind2=" "><subfield code="a">7. p.283-p.515 : [collection of brief treatises on philosphical topics (see listing on p.283) opening with al-Multaqayāt min kalām Aflāṭūn].</subfield></datafield><datafield tag="505" ind1="0" ind2=" "><subfield code="a">6. p.282 : [assorted excerpts].</subfield></datafield><datafield tag="505" ind1="0" ind2=" "><subfield code="a">5. p.70-p.281 : [Tafsīr al-Fātiḥah, or Iʻjāz al-bayān fī tafsīr umm al-Qurʼān] / Ṣadr al-Dīn al-Qūnawī.</subfield></datafield><datafield tag="505" ind1="0" ind2=" "><subfield code="a">4. p.66-p.69 : Faṣl fī bayān miqdār al-sanah wa-taʻyīn al-ayyām al-ālihīyah allatī minhā yawm al-qiyāmah / Kamāl al-Dīn ʻAbd al-Razzāq.</subfield></datafield><datafield tag="505" ind1="0" ind2=" "><subfield code="a">3. p.54-p.65 : [Sharḥ Arbaʻīn ḥadīthan].</subfield></datafield><datafield tag="505" ind1="0" ind2=" "><subfield code="a">2. p.28-p.54 : Wāridāt Shaykh Badr al-Dīn al-Shāshī / Badr al-Dīn al-Shāshī [?].</subfield></datafield><datafield tag="505" ind1="0" ind2=" "><subfield code="a">1. p.3-p.28 : [al-Nuṣūṣ] / Ṣadr al-Dīn al-Qūnawī.</subfield></datafield><datafield tag="510" ind1="4" ind2=" "><subfield code="a">Brockelmann, C. GAL,</subfield><subfield code="c">I 449</subfield></datafield><datafield tag="520" ind1="8" ind2=" "><subfield code="a">Fine composite collection (majmūʻah / mecmua) of several works of Ṣūfism, ḥadīth, tafsīr, and philosophy, including works by Ṣadr al-Dīn al-Qūnawī (d.1274), Badr al-Dīn al-Shāshī [?], Kamāl al-Dīn ʻAbd al-Razzāq al-Qāshānī (d. 1330?), etc. Contents listing at opening on 'title page' (p.1).</subfield></datafield><datafield tag="538" ind1=" " ind2=" "><subfield code="a">Mode of access: Internet.</subfield></datafield><datafield tag="541" ind1=" " ind2=" "><subfield code="c">Purchase ;</subfield><subfield code="a">Acquired by purchase (funds donated by Horace Rackham).</subfield><subfield code="d">1924.</subfield></datafield><datafield tag="546" ind1=" " ind2=" "><subfield code="a">Arabic.</subfield></datafield><datafield tag="561" ind1=" " ind2=" "><subfield code="a">Inscriptions in pencil on verso of front flyleaf (p.2) "254 T. De M. [i.e. Tammaro De Marinis]" and opening 'title page' (p.3) "216 " ; several possible former shelfmarks, inventory marks or prices on upper board lining and opening 'title page' (p.3) ; rectangular (or square) seal impression on opening 'title page' (p.3), now effaced ; ownership statement on opening 'title page' (p.3) and on p.69 in name of Muḥammad Makkī ibn Muḥammad ibn Shams al-Dīn ibn al-Ḥasan ibn Zayn al-Dīn from the progeny of Abī ʻAbd Allāh al-Shahīd Muḥammad ibn Makkī ibn Aḥmad ibn Muḥammad ibn Ḥāmid ibn Ṭayy al-Muṭallibī al-Ḥārithī al-Hamadānī al-Khazrajī al-ʻĀmilī ; kabīkaj invocation on opening 'title page' (p.3) "يا كبيكج" ; ownership statement on latter 'title page' (p.283) of final work, almost entirely effaced ; oval seal impression on p.285 ; glosses and marginal corrections.</subfield></datafield><datafield tag="630" ind1="0" ind2="0"><subfield code="a">Qurʼan.</subfield><subfield code="p">Sūrat al-Fātiḥah</subfield><subfield code="v">Commentaries</subfield><subfield code="v">Early works to 1800.</subfield></datafield><datafield tag="650" ind1=" " ind2="0"><subfield code="a">Manuscripts, Arabic</subfield><subfield code="z">Michigan</subfield><subfield code="z">Ann Arbor.</subfield></datafield><datafield tag="650" ind1=" " ind2="0"><subfield code="a">Philosophy, Ancient</subfield><subfield code="v">Early works to 1800.</subfield></datafield><datafield tag="650" ind1=" " ind2="0"><subfield code="a">Islamic philosophy</subfield><subfield code="v">Early works to 1800.</subfield></datafield><datafield tag="650" ind1=" " ind2="0"><subfield code="a">Hadith</subfield><subfield code="v">Commentaries</subfield><subfield code="v">Early works to 1800.</subfield></datafield><datafield tag="650" ind1=" " ind2="0"><subfield code="a">God (Islam)</subfield><subfield code="v">Early works to 1800.</subfield></datafield><datafield tag="650" ind1=" " ind2="0"><subfield code="a">Sufism</subfield><subfield code="v">Early works to 1800.</subfield></datafield><datafield tag="700" ind1="0" ind2=" "><subfield code="a">Abdülhamid</subfield><subfield code="b">II,</subfield><subfield code="c">Sultan of the Turks,</subfield><subfield code="d">1842-1918,</subfield><subfield code="e">former owner.</subfield></datafield><datafield tag="700" ind1="0" ind2=" "><subfield code="6">880-12</subfield><subfield code="a">Muḥammad Makkī ibn Muḥammad ibn Shams al-Dīn ibn al-Ḥasan ibn Zayn al-Dīn,</subfield><subfield code="e">former owner.</subfield></datafield><datafield tag="700" ind1="0" ind2=" "><subfield code="6">880-11</subfield><subfield code="a">Ibn Mīr Muḥammad Salīm al-Rāzī Sayyid Muḥammad al-Ḥusaynī,</subfield><subfield code="d">fl. 1687,</subfield><subfield code="e">scribe.</subfield></datafield><datafield tag="700" ind1="0" ind2=" "><subfield code="6">880-09</subfield><subfield code="a">ʻAlī Riz̤ā ibn Ḥasan al-ʻAqlānī al-Tankānī,</subfield><subfield code="d">fl. 1672,</subfield><subfield code="e">scribe.</subfield></datafield><datafield tag="700" ind1="0" ind2=" "><subfield code="6">880-07</subfield><subfield code="a">Plato.</subfield><subfield code="t">Critias.</subfield></datafield><datafield tag="700" ind1="1" ind2="2"><subfield code="6">880-06</subfield><subfield code="a">Ṣadr al-Dīn al-Qūnawī, Muḥammad ibn Isḥāq,</subfield><subfield code="d">-1273 or 1274.</subfield><subfield code="t">Tafsīr al-Fātiḥah.</subfield></datafield><datafield tag="700" ind1="0" ind2="2"><subfield code="6">880-05</subfield><subfield code="a">ʻAbd al-Razzāq al-Qāshānī,</subfield><subfield code="d">-1330?</subfield><subfield code="t">Faṣl fī bayān miqdār al-sanah wa-taʻyīn al-ayyām al-ālihīyah allatī minhā yawm al-qiyāmah.</subfield></datafield><datafield tag="700" ind1="1" ind2="2"><subfield code="6">880-03</subfield><subfield code="a">Badr al-Dīn al-Shāshī al-Shirwānī,</subfield><subfield code="d">fl. 14th cent.?</subfield><subfield code="t">Wāridāt Shaykh Badr al-Dīn al-Shāshī.</subfield></datafield><datafield tag="700" ind1="1" ind2="2"><subfield code="6">880-02</subfield><subfield code="a">Ṣadr al-Dīn al-Qūnawī, Muḥammad ibn Isḥāq,</subfield><subfield code="d">-1273 or 1274.</subfield><subfield code="t">Nuṣūṣ.</subfield></datafield><datafield tag="740" ind1="0" ind2="2"><subfield code="6">880-08</subfield><subfield code="a">Multaqayāt min kalām Aflāṭūn</subfield></datafield><datafield tag="740" ind1="0" ind2="2"><subfield code="a">اعجاز البيان في تفسير ام القرآن</subfield></datafield><datafield tag="740" ind1="0" ind2="2"><subfield code="a">شرح چهل حديث</subfield></datafield><datafield tag="740" ind1="0" ind2="2"><subfield code="6">880-04</subfield><subfield code="a">Sharḥ arbaʻīn ḥadīthan.</subfield></datafield><datafield tag="773" ind1="0" ind2=" "><subfield code="a">Abdul Hamid Collection.</subfield></datafield><datafield tag="880" ind1="0" ind2=" "><subfield code="6">700-12/</subfield><subfield code="a">محمد مكي بن محمد شمس الدين بن الحسن بن زين الدين،</subfield><subfield code="e">مالك سابق.</subfield></datafield><datafield tag="880" ind1="0" ind2=" "><subfield code="6">700-11/</subfield><subfield code="a">ابن مير محمد سليم الرازي سيد محمد الحسيني،</subfield><subfield code="e">ناسخ.</subfield></datafield><datafield tag="880" ind1="0" ind2=" "><subfield code="6">700-09/</subfield><subfield code="a">عليرضا بن حسن العقلاني التنكاني،</subfield><subfield code="e">ناسخ.</subfield></datafield><datafield tag="880" ind1="0" ind2="2"><subfield code="6">740-08/</subfield><subfield code="a">ملتقيات من كلام افلاطون</subfield></datafield><datafield tag="880" ind1="0" ind2=" "><subfield code="6">700-07/</subfield><subfield code="a">افلاطون.</subfield></datafield><datafield tag="880" ind1="1" ind2="2"><subfield code="6">700-06/</subfield><subfield code="a">صدر الدين القونوي، محمد بن اسحاق.</subfield><subfield code="t">تفسير الفاتحة.</subfield></datafield><datafield tag="880" ind1="1" ind2="2"><subfield code="6">700-05/</subfield><subfield code="a">عبد الرزاق القاشاني.</subfield><subfield code="t">فصل في بيان مقدار السنة وتعيين الايام الآلهية التي منها يوم القيامة.</subfield></datafield><datafield tag="880" ind1="0" ind2="2"><subfield code="6">740-04/</subfield><subfield code="a">شرح اربعين حديثا</subfield></datafield><datafield tag="880" ind1="1" ind2="2"><subfield code="6">700-03/</subfield><subfield code="a">بدر الدين الشاشي الشرواني.</subfield><subfield code="t">واردات شيخ بدر الدين الشاشي.</subfield></datafield><datafield tag="880" ind1="1" ind2="2"><subfield code="6">700-02/</subfield><subfield code="a">صدر الدين القونوي، محمد بن اسحاق.</subfield><subfield code="t">نصوص.</subfield></datafield><datafield tag="880" ind1="0" ind2="0"><subfield code="6">245-01/</subfield><subfield code="a">[مجموعة رسائل,</subfield><subfield code="f">1083ه، 1672 أو 1673م و 1098ه، 1687م].</subfield></datafield><datafield tag="CID" ind1=" " ind2=" "><subfield code="a">006796628</subfield></datafield><datafield tag="DAT" ind1="0" ind2=" "><subfield code="a">20190719102636.0</subfield><subfield code="b">20190719000000.0</subfield></datafield><datafield tag="DAT" ind1="1" ind2=" "><subfield code="a">20190719090653.0</subfield><subfield code="b">2019-07-19T16:11:36Z</subfield></datafield><datafield tag="DAT" ind1="2" ind2=" "><subfield code="a">2015-10-02T18:00:03Z</subfield></datafield><datafield tag="CAT" ind1=" " ind2=" "><subfield code="a">SDR-MIU</subfield><subfield code="d">EX LIBRIS - ALEPH</subfield><subfield code="l">prepare.pl-004-008</subfield></datafield><datafield tag="FMT" ind1=" " ind2=" "><subfield code="a">BK</subfield></datafield><datafield tag="HOL" ind1=" " ind2=" "><subfield code="0">sdr-miu006796628</subfield><subfield code="a">MiU</subfield><subfield code="b">SDR</subfield><subfield code="c">MIU</subfield><subfield code="p">mdp.39015079126820</subfield><subfield code="s">MIU</subfield><subfield code="1">006796628</subfield></datafield><datafield tag="974" ind1=" " ind2=" "><subfield code="b">MIU</subfield><subfield code="c">MIU</subfield><subfield code="d">20190719</subfield><subfield code="s">lit-dlps-dc</subfield><subfield code="u">mdp.39015079126820</subfield><subfield code="y">1687</subfield><subfield code="r">pd</subfield><subfield code="q">bib</subfield><subfield code="t">non-US bib date2, date type m &lt; 1896</subfield></datafield></record></collection>